@misc{gruver2024largelanguagemodelszeroshot,
      title={Large Language Models Are Zero-Shot Time Series Forecasters}, 
      author={Nate Gruver and Marc Finzi and Shikai Qiu and Andrew Gordon Wilson},
      year={2024},
      eprint={2310.07820},
      archivePrefix={arXiv},
      primaryClass={cs.LG},
      url={https://arxiv.org/abs/2310.07820}, 
}

@misc{su2023roformerenhancedtransformerrotary,
      title={RoFormer: Enhanced Transformer with Rotary Position Embedding}, 
      author={Jianlin Su and Yu Lu and Shengfeng Pan and Ahmed Murtadha and Bo Wen and Yunfeng Liu},
      year={2023},
      eprint={2104.09864},
      archivePrefix={arXiv},
      primaryClass={cs.CL},
      url={https://arxiv.org/abs/2104.09864}, 
}
@misc{zhang2019rootmeansquarelayer,
      title={Root Mean Square Layer Normalization}, 
      author={Biao Zhang and Rico Sennrich},
      year={2019},
      eprint={1910.07467},
      archivePrefix={arXiv},
      primaryClass={cs.LG},
      url={https://arxiv.org/abs/1910.07467}, 
}

@misc{shazeer2020gluvariantsimprovetransformer,
      title={GLU Variants Improve Transformer}, 
      author={Noam Shazeer},
      year={2020},
      eprint={2002.05202},
      archivePrefix={arXiv},
      primaryClass={cs.LG},
      url={https://arxiv.org/abs/2002.05202}, 
}

@misc{hu2021loralowrankadaptationlarge,
      title={LoRA: Low-Rank Adaptation of Large Language Models}, 
      author={Edward J. Hu and Yelong Shen and Phillip Wallis and Zeyuan Allen-Zhu and Yuanzhi Li and Shean Wang and Lu Wang and Weizhu Chen},
      year={2021},
      eprint={2106.09685},
      archivePrefix={arXiv},
      primaryClass={cs.CL},
      url={https://arxiv.org/abs/2106.09685}, 
}

@misc{he2015deepresiduallearningimage,
      title={Deep Residual Learning for Image Recognition}, 
      author={Kaiming He and Xiangyu Zhang and Shaoqing Ren and Jian Sun},
      year={2015},
      eprint={1512.03385},
      archivePrefix={arXiv},
      primaryClass={cs.CV},
      url={https://arxiv.org/abs/1512.03385}, 
}

@misc{loshchilov2019decoupledweightdecayregularization,
      title={Decoupled Weight Decay Regularization}, 
      author={Ilya Loshchilov and Frank Hutter},
      year={2019},
      eprint={1711.05101},
      archivePrefix={arXiv},
      primaryClass={cs.LG},
      url={https://arxiv.org/abs/1711.05101}, 
}

@misc{mao2024seloraselfexpandinglowrankadaptation,
      title={SeLoRA: Self-Expanding Low-Rank Adaptation of Latent Diffusion Model for Medical Image Synthesis}, 
      author={Yuchen Mao and Hongwei Li and Wei Pang and Giorgos Papanastasiou and Guang Yang and Chengjia Wang},
      year={2024},
      eprint={2408.07196},
      archivePrefix={arXiv},
      primaryClass={cs.CV},
      url={https://arxiv.org/abs/2408.07196}, 
}
@misc{liu2024aloraallocatinglowrankadaptation,
      title={ALoRA: Allocating Low-Rank Adaptation for Fine-tuning Large Language Models}, 
      author={Zequan Liu and Jiawen Lyn and Wei Zhu and Xing Tian and Yvette Graham},
      year={2024},
      eprint={2403.16187},
      archivePrefix={arXiv},
      primaryClass={cs.CL},
      url={https://arxiv.org/abs/2403.16187}, 
}

@misc{dettmers2023qloraefficientfinetuningquantized,
      title={QLoRA: Efficient Finetuning of Quantized LLMs}, 
      author={Tim Dettmers and Artidoro Pagnoni and Ari Holtzman and Luke Zettlemoyer},
      year={2023},
      eprint={2305.14314},
      archivePrefix={arXiv},
      primaryClass={cs.LG},
      url={https://arxiv.org/abs/2305.14314}, 
}

@misc{golkar2024xvalcontinuousnumericaltokenization,
      title={xVal: A Continuous Numerical Tokenization for Scientific Language Models}, 
      author={Siavash Golkar and Mariel Pettee and Michael Eickenberg and Alberto Bietti and Miles Cranmer and Geraud Krawezik and Francois Lanusse and Michael McCabe and Ruben Ohana and Liam Parker and Bruno RÃ©galdo-Saint Blancard and Tiberiu Tesileanu and Kyunghyun Cho and Shirley Ho},
      year={2024},
      eprint={2310.02989},
      archivePrefix={arXiv},
      primaryClass={stat.ML},
      url={https://arxiv.org/abs/2310.02989}, 
}